@article{gagliardi2019international,
  title={The international race towards Exascale in Europe},
  author={Gagliardi, Fabrizio and Moreto, Miquel and Olivieri, Mauro and Valero, Mateo},
  journal={CCF Transactions on High Performance Computing},
  pages={1--11},
  year={2019},
  publisher={Springer}
}

@article{gropp1996high,
  title={A high-performance, portable implementation of the MPI message passing interface standard},
  author={Gropp, William and Lusk, Ewing and Doss, Nathan and Skjellum, Anthony},
  journal={Parallel computing},
  volume={22},
  number={6},
  pages={789--828},
  year={1996},
  publisher={North-Holland}
}

@inproceedings{gu2019comparative,
  title={A comparative study of parallel programming frameworks for distributed GPU applications},
  author={Gu, Ruidong and Becchi, Michela},
  booktitle={Proceedings of the 16th ACM International Conference on Computing Frontiers},
  pages={268--273},
  year={2019}
}

@inproceedings{ackley2011pursue,
  title={Pursue Robust Indefinite Scalability.},
  author={Ackley, David H and Cannon, Daniel C},
  booktitle={HotOS},
  year={2011}
}

@article{channon2019maximum,
  title={Maximum individual complexity is indefinitely scalable in Geb},
  author={Channon, Alastair},
  journal={Artificial life},
  volume={25},
  number={2},
  pages={134--144},
  year={2019},
  publisher={MIT Press}
}

@article{taylor2016open,
  title={Open-ended evolution: Perspectives from the OEE workshop in York},
  author={Taylor, Tim and Bedau, Mark and Channon, Alastair and Ackley, David and Banzhaf, Wolfgang and Beslon, Guillaume and Dolson, Emily and Froese, Tom and Hickinbotham, Simon and Ikegami, Takashi and others},
  journal={Artificial life},
  volume={22},
  number={3},
  pages={408--423},
  year={2016},
  publisher={MIT Press}
}

@inproceedings{bauer2012legion,
  title={Legion: Expressing locality and independence with logical regions},
  author={Bauer, Michael and Treichler, Sean and Slaughter, Elliott and Aiken, Alex},
  booktitle={SC'12: Proceedings of the International Conference on High Performance Computing, Networking, Storage and Analysis},
  pages={1--11},
  year={2012},
  organization={IEEE}
}

@article{blumofe1996cilk,
  title={Cilk: An efficient multithreaded runtime system},
  author={Blumofe, Robert D and Joerg, Christopher F and Kuszmaul, Bradley C and Leiserson, Charles E and Randall, Keith H and Zhou, Yuli},
  journal={Journal of parallel and distributed computing},
  volume={37},
  number={1},
  pages={55--69},
  year={1996},
  publisher={Elsevier}
}

@inproceedings{kale1993charm++,
  title={Charm++ A portable concurrent object oriented system based on C++},
  author={Kale, Laxmikant V and Krishnan, Sanjeev},
  booktitle={Proceedings of the eighth annual conference on Object-oriented programming systems, languages, and applications},
  pages={91--108},
  year={1993}
}

@software{charles_ofria_2019_2575607,
  author       = {Charles Ofria and
                  Emily Dolson and
                  Alex Lalejini and
                  Jake Fenton and
                  Matthew Andres Moreno and
                  Steven Jorgensen and
                  Robin Miller and
                  Jason Stredwick and
                  Luis Zaman and
                  Jory Schossau and
                  Lauren Gillespie and
                  Nitash C G and
                  Anya Vostinar},
  title        = {Empirical},
  month        = feb,
  year         = 2019,
  publisher    = {Zenodo},
  version      = {v0.0.3},
  doi          = {10.5281/zenodo.2575607},
  url          = {https://doi.org/10.5281/zenodo.2575607}
}

@article{gupta1997fast,
  title={Fast and effective algorithms for graph partitioning and sparse-matrix ordering},
  author={Gupta, Anshul},
  journal={IBM Journal of Research and Development},
  volume={41},
  number={1.2},
  pages={171--183},
  year={1997},
  publisher={IBM}
}

@article{voorhies2017cereal,
  title = {cereal - A C++11 library for serialization},
  url = {http://uscilab.github.io/cereal/},
  year = {2017},
  author = {Grant, W. Shane and Voorhies, Randolph}
}

@inproceedings{tang2014mpi,
  title={From MPI to OpenSHMEM: Porting LAMMPS},
  author={Tang, Chunyan and Bouteiller, Aurelien and Herault, Thomas and Venkata, Manjunath Gorentla and Bosilca, George},
  booktitle={Workshop on OpenSHMEM and Related Technologies},
  pages={121--137},
  year={2014},
  organization={Springer}
}

@inproceedings{el2006upc,
  title={UPC: unified parallel C},
  author={El-Ghazawi, Tarek and Smith, Lauren},
  booktitle={Proceedings of the 2006 ACM/IEEE conference on Supercomputing},
  pages={27--es},
  year={2006}
}

@article{chamberlain2007parallel,
  title={Parallel programmability and the chapel language},
  author={Chamberlain, Bradford L and Callahan, David and Zima, Hans P},
  journal={The International Journal of High Performance Computing Applications},
  volume={21},
  number={3},
  pages={291--312},
  year={2007},
  publisher={Sage Publications Sage UK: London, England}
}

@book{reinders2007intel,
  title={Intel threading building blocks: outfitting C++ for multi-core processor parallelism},
  author={Reinders, James},
  year={2007},
  publisher={" O'Reilly Media, Inc."}
}

@inproceedings{chakradhar2010best,
  title={Best-effort computing: Re-thinking parallel software and hardware},
  author={Chakradhar, Srimat T and Raghunathan, Anand},
  booktitle={Design Automation Conference},
  pages={865--870},
  year={2010},
  organization={IEEE}
}

@techreport{hagberg2008exploring,
  title={Exploring network structure, dynamics, and function using NetworkX},
  author={Hagberg, Aric and Swart, Pieter and S Chult, Daniel},
  year={2008},
  institution={Los Alamos National Lab.(LANL), Los Alamos, NM (United States)}
}

@inproceedings{meng2009best,
  title={Best-effort parallel execution framework for recognition and mining applications},
  author={Meng, Jiayuan and Chakradhar, Srimat and Raghunathan, Anand},
  booktitle={2009 IEEE International Symposium on Parallel \& Distributed Processing},
  pages={1--12},
  year={2009},
  organization={IEEE}
}

@article{gropp2013programming,
  title={Programming for exascale computers},
  author={Gropp, William and Snir, Marc},
  journal={Computing in Science \& Engineering},
  volume={15},
  number={6},
  pages={27--35},
  year={2013},
  publisher={IEEE}
}

@techreport{dongarra2014applied,
  title={Applied mathematics research for exascale computing},
  author={Dongarra, Jack and Hittinger, Jeffrey and Bell, John and Chacon, Luis and Falgout, Robert and Heroux, Michael and Hovland, Paul and Ng, Esmond and Webster, Clayton and Wild, Stefan},
  year={2014},
  institution={Lawrence Livermore National Lab.(LLNL), Livermore, CA (United States)}
}

@article{leith2012wlan,
  title={WLAN channel selection without communication},
  author={Leith, Douglas J and Clifford, Peter and Badarla, Venkataramana and Malone, David},
  journal={Computer Networks},
  volume={56},
  number={4},
  pages={1424--1441},
  year={2012},
  publisher={Elsevier}
}

@article{moreno2019toward,
  title={Toward open-ended fraternal transitions in individuality},
  author={Moreno, Matthew Andres and Ofria, Charles},
  journal={Artificial life},
  volume={25},
  number={2},
  pages={117--133},
  year={2019},
  publisher={MIT Press}
}

@inproceedings{lalejini2018evolving,
  title={Evolving event-driven programs with SignalGP},
  author={Lalejini, Alexander and Ofria, Charles},
  booktitle={Proceedings of the Genetic and Evolutionary Computation Conference},
  pages={1135--1142},
  year={2018}
}

@article{foster2017open,
  title={Open science framework (OSF)},
  author={Foster, Erin D and Deardorff, Ariel},
  journal={Journal of the Medical Library Association: JMLA},
  volume={105},
  number={2},
  pages={203},
  year={2017},
  publisher={Medical Library Association}
}

@inproceedings{jupyter2018binder,
  title={Binder 2.0-Reproducible, interactive, sharable environments for science at scale},
  author={Jupyter, PMJF and Bussonnier, Matthias and Forde, Jessica and Freeman, J and Granger, B and Head, T and Holdgraf, C and Kelley, K and Nalvarte, G and Osheroff, A and others},
  booktitle={Proceedings of the 17th python in science conference},
  volume={113},
  pages={120},
  year={2018}
}

@inproceedings{ackley2011homeostatic,
  title={Homeostatic architectures for robust spatial computing},
  author={Ackley, David H and Williams, Lance R},
  booktitle={2011 Fifth IEEE Conference on Self-Adaptive and Self-Organizing Systems Workshops},
  pages={91--96},
  year={2011},
  organization={IEEE}
}

@article{ackley2016ulam,
  title={The ulam programming language for artificial life},
  author={Ackley, David H and Ackley, Elena S},
  journal={Artificial life},
  volume={22},
  number={4},
  pages={431--450},
  year={2016},
  publisher={MIT Press}
}

@misc{moreno2021exploring,
      title={Exploring Evolved Multicellular Life Histories in a Open-Ended Digital Evolution System}, 
      author={Matthew Andres Moreno and Charles Ofria},
      year={2021},
      eprint={2104.10081},
      archivePrefix={arXiv},
      primaryClass={q-bio.PE}
}

@inproceedings{bennett1999building,
  title={Building a parallel computer system for \$18,000 that performs a half peta-flop per day},
  author={Bennett III, Forrest H and Koza, John R and Shipman, James and Stiffelman, Oscar},
  booktitle={Proceedings of the 1st Annual Conference on Genetic and Evolutionary Computation-Volume 2},
  pages={1484--1490},
  year={1999},
  organization={Citeseer}
}

@article{whitley1999island,
  title={The island model genetic algorithm: On separability, population size and convergence},
  author={Whitley, Darrell and Rana, Soraya and Heckendorn, Robert B},
  journal={Journal of computing and information technology},
  volume={7},
  number={1},
  pages={33--47},
  year={1999},
  publisher={SRCE-Sveu{\v{c}}ili{\v{s}}ni ra{\v{c}}unski centar}
}

@inproceedings{izzo2009parallel,
  title={Parallel global optimisation meta-heuristics using an asynchronous island-model},
  author={Izzo, Dario and Rucinski, Marek and Ampatzis, Christos},
  booktitle={2009 IEEE congress on evolutionary computation},
  pages={2301--2308},
  year={2009},
  organization={IEEE}
}